<?xml version="1.0" encoding="UTF-8"?>
<collection xmlns:xsi="http://www.w3.org/2001/XMLSchema-instance" xsi:schemaLocation="http://www.loc.gov/MARC21/slim http://www.loc.gov/standards/marcxml/schema/MARC21slim.xsd" xmlns="http://www.loc.gov/MARC21/slim">
<record>
  <leader>01637cam a2200373 a 4500</leader>
  <controlfield tag="001">853970</controlfield>
  <controlfield tag="003">NNC</controlfield>
  <controlfield tag="005">20130423155110.0</controlfield>
  <controlfield tag="008">911210s1988    ir ah    b    001 0 ara d</controlfield>
  <datafield tag="035" ind1=" " ind2=" ">
    <subfield code="a">(OCoLC)ocm24928536</subfield>
  </datafield>
  <datafield tag="035" ind1=" " ind2=" ">
    <subfield code="a">(CStRLIN)NYCG90-B50858</subfield>
  </datafield>
  <datafield tag="035" ind1=" " ind2=" ">
    <subfield code="9">AEQ2711CU</subfield>
  </datafield>
  <datafield tag="035" ind1=" " ind2=" ">
    <subfield code="a">(NNC)853970</subfield>
  </datafield>
  <datafield tag="040" ind1=" " ind2=" ">
    <subfield code="a">WAU</subfield>
    <subfield code="c">WAU</subfield>
    <subfield code="d">NNC</subfield>
  </datafield>
  <datafield tag="041" ind1="0" ind2=" ">
    <subfield code="a">araper</subfield>
  </datafield>
  <datafield tag="090" ind1=" " ind2=" ">
    <subfield code="a">B753.I23</subfield>
    <subfield code="b">T34 1988</subfield>
  </datafield>
  <datafield tag="090" ind1=" " ind2=" ">
    <subfield code="f">h</subfield>
  </datafield>
  <datafield tag="100" ind1="0" ind2=" ">
    <subfield code="a">Ibn al-ʻArabī,</subfield>
    <subfield code="d">1165-1240.</subfield>
  </datafield>
  <datafield tag="245" ind1="1" ind2="3">
    <subfield code="a">al-Tajalliyāt al-ilāhīyah /</subfield>
    <subfield code="c">Muḥyī al-Dīn ibn al-ʻArabī ; hamrah bā Taʻlīqāt Ibn Sūdkīn wa-Kashf al-ghāyāt fī sharḥ mā iktanafat ʻalayhi al-Tajalliyāt ; taḥqīq ʻUthmān Ismāʻīl Yaḥyá.</subfield>
  </datafield>
  <datafield tag="260" ind1=" " ind2=" ">
    <subfield code="a">Ṭihrān :</subfield>
    <subfield code="b">Markaz-i Nashr-i Dānishgāhī,</subfield>
    <subfield code="c">1988.</subfield>
  </datafield>
  <datafield tag="300" ind1=" " ind2=" ">
    <subfield code="a">10, 675 p. :</subfield>
    <subfield code="b">ill., facsims. ;</subfield>
    <subfield code="c">25 cm.</subfield>
  </datafield>
  <datafield tag="490" ind1="1" ind2=" ">
    <subfield code="a">Markaz-i Nashr-i Dānishgāhī ;</subfield>
    <subfield code="v">369.</subfield>
    <subfield code="a">Falsafah ;</subfield>
    <subfield code="v">19</subfield>
  </datafield>
  <datafield tag="504" ind1=" " ind2=" ">
    <subfield code="a">Includes bibliographical references (p. 659-675) and indexes.</subfield>
  </datafield>
  <datafield tag="500" ind1=" " ind2=" ">
    <subfield code="a">Preface in Persian.</subfield>
  </datafield>
  <datafield tag="500" ind1=" " ind2=" ">
    <subfield code="a">Title on added t.p.: Ibn al-ʻArabī's al-Tajalliyāt al-ilāhiyya.</subfield>
  </datafield>
  <datafield tag="650" ind1=" " ind2="0">
    <subfield code="a">Mysticism</subfield>
    <subfield code="x">Islam.</subfield>
  </datafield>
  <datafield tag="600" ind1="0" ind2="0">
    <subfield code="a">Ibn al-ʻArabī,</subfield>
    <subfield code="d">1165-1240.</subfield>
    <subfield code="t">Tajalliyāt al-ilāhīyah.</subfield>
  </datafield>
  <datafield tag="700" ind1="1" ind2=" ">
    <subfield code="a">Yaḥyá, ʻUthmān.</subfield>
  </datafield>
  <datafield tag="700" ind1="1" ind2=" ">
    <subfield code="a">Nūrī, Ismāʻīl ibn Sawdakīn,</subfield>
    <subfield code="d">1192 or 1193-1248 or 1249.</subfield>
  </datafield>
  <datafield tag="740" ind1="0" ind2="1">
    <subfield code="a">Kashf al-ghāyāt fī sharḥ mā iktanafat ʻalayhi al-Tajalliyāt.</subfield>
  </datafield>
  <datafield tag="740" ind1="0" ind2="1">
    <subfield code="a">Ibn al-ʻArabī's al-Tajalliyāt al-ilahiyya.</subfield>
  </datafield>
  <datafield tag="830" ind1=" " ind2="0">
    <subfield code="a">Markaz-i Nashr-i Dānishgāhī (Series) ;</subfield>
    <subfield code="v">369.</subfield>
  </datafield>
  <datafield tag="830" ind1=" " ind2="0">
    <subfield code="a">Markaz-i Nashr-i Dānishgāhī (Series).</subfield>
    <subfield code="p">Falsafah ;</subfield>
    <subfield code="v">19.</subfield>
  </datafield>
  <datafield tag="955" ind1=" " ind2=" ">
    <subfield code="b">0053115406</subfield>
    <subfield code="d">glx</subfield>
    <subfield code="e">B753.I23 T34 1988g</subfield>
  </datafield>
</record>
</collection>